%%% Biber accepts '%' for marking comments

%%%%%%%%%%%%% multi-agent systems %%%%%%%%%%%%%

@BOOK{Salamon2011,
	title = {Design of Agent-Based Models : Developing Computer Simulations for
	a Better Understanding of Social Processes},
	publisher = {Bruckner Publishing},
	year = {2011},
	author = {Tomas Salamon},
	pages = {220},
	series = {Academic series},
	address = {Repin, Czech Republic},
	month = {9},
	isbn = {978-80-904661-1-1},
	abstract = {Although many publications deal with the theory of multi-agent systems
	and agent-based simulations, information about their development
	is scarce. The aim of this book is to meet this need, providing knowledge
	about the design and development of agent-based simulations in an
	easy and comprehensible way. With an accessible presentation supported
	by practical examples, figures, schemes and source codes, the publication
	is especially suitable as a textbook for introductory graduate-level
	courses on multi-agent systems and agent-based modeling.},
	keywords = {agent, agent-based modeling, model, development, methodology, Agentology}
}

@ARTICLE{Panait05cooperativemulti-agent,
	author = {Liviu Panait and Sean Luke},
	title = {Cooperative Multi-Agent Learning: The State of the Art},
	journal = {Autonomous Agents and Multi-Agent Systems},
	year = {2005},
	volume = {11},
	pages = {2005}
}

@article{Shoham:2009p113,
	abstract = {Multiagent systems consist of multiple autonomous entities having different information and/or diverging interests. This comprehensive introduction to the field offers a computer science perspective, but also draws on ideas from game theory, economics, operations research, logic, philosophy and linguistics. It will serve as a reference for researchers in each of these fields, and be used as a text for advanced undergraduate and graduate courses. Emphasizing foundations, the authors offer a broad and rigorous treatment of their subject, with thorough presentations of distributed problem solving, non-cooperative game theory, multiagent communication and learning, social choice, mechanism design, auctions, coalitional game theory, and logical theories of knowledge, belief, and other aspects of rational agency. For each topic, basic concepts are introduced, examples are given, proofs of key results are offered, and algorithmic considerations are examined. An appendix covers background material in probability theory, classical logic, Markov decision processes, and mathematical programming.},
	added-at = {2009-11-23T13:25:47.000+0100},
	author = {Shoham, Yoav and Leyton-Brown, Kevin},
	biburl = {https://www.bibsonomy.org/bibtex/26c35f7536794672441badf325e752073/achimpassen},
	date-added = {2009-05-03 18:51:38 +0200},
	date-modified = {2009-05-03 18:51:38 +0200},
	interhash = {16fd1c64a5808e6bfa8a6e6d38f6530c},
	intrahash = {6c35f7536794672441badf325e752073},
	keywords = {algorithms, auctions, choice, communication, competition, cooperation, design, distributed game learning, logic, mechanism problem social solving theory,},
	month = Feb,
	pages = {1--532},
	rating = {0},
	timestamp = {2009-11-23T13:25:51.000+0100},
	title = {Multiagent Systems: Algorithmic, Game-Theoretic, and Logical Foundations},
	uri = {papers://C3D2787C-59DE-4F5F-B604-503052CE153D/Paper/p113},
	year = 2009
}

@MISC{Garnier07thebiological,
	author = {Simon Garnier and Jacques Gautrais and Guy Theraulaz},
	title = { The biological principles of swarm intelligence},
	year = {2007}
}

@ARTICLE{Mondada03swarm-bot:a,
	author = {Francesco Mondada and Giovanni C. Pettinaro and Andre Guignard and Ivo W. Kwee and Dario Floreano and Jean-Louis Deneubourg and Stefano Nolfi and et al.},
	title = {Swarm-Bot: a New Distributed Robotic Concept},
	journal = {AUTONOMOUS ROBOTS},
	year = {2003},
	volume = {17},
	pages = {2004}
}
%%%%%%%%%%%%%%%%%%%%%%%%%%%%%%%

%%%%%%%%%%%%% distributed systems %%%%%%%%%%%%%
@MISC{Buyya08cloudcomputing,
	author = {Rajkumar Buyya and Chee Shin Yeo and Srikumar Venugopal and James Broberg and Ivona Brandic},
	title = {Cloud Computing and Emerging IT Platforms: Vision, Hype, and Reality for Delivering Computing as the 5th Utility},
	year = {2008}
}

@MISC{Armbrust10aview,
	author = {Michael Armbrust and Armando Fox and Anthony D. Joseph and Randy Katz and Andy Konwinski and Gunho Lee and David Patterson and Ariel Rabkin and Ion Stoica and Matei Zaharia and et al.},
	title = {A View Of Cloud Computing},
	year = {2010}
}

@MISC{Fischer83impossibilityof,
	author = {Michael J. Fischer and Nancy A Lynch and Michael S. Paterson},
	title = {Impossibility of distributed consensus with one faulty process},
	year = {1983}
}

@MISC{Saber03consensusproblems,
	author = {Reza Olfati Saber and Richard M. Murray},
	title = {Consensus Problems in Networks of Agents with Switching Topology and Time-Delays},
	year = {2003}
}

@ARTICLE{Chandra96unreliablefailure,
	author = {Tushar Deepak Chandra and Sam Toueg},
	title = {Unreliable Failure Detectors for Reliable Distributed Systems},
	journal = {Journal of the ACM},
	year = {1996},
	volume = {43},
	pages = {225--267}
}

@ARTICLE{Schneider90implementingfault-tolerant,
	author = {Fred B. Schneider},
	title = {Implementing Fault-Tolerant Services Using the State Machine Approach: A Tutorial},
	journal = {ACM COMPUTING SURVEYS},
	year = {1990},
	volume = {22},
	pages = {299--319}
}

@ARTICLE{Défago04totalorder,
	author = {Xavier Défago and André Schiper and Péter Urbán},
	title = {Total order broadcast and multicast algorithms: Taxonomy and survey},
	journal = {ACM COMPUTING SURVEYS},
	year = {2004},
	volume = {36},
	pages = {2004}
}
%%%%%%%%%%%%%%%%%%%%%%%%%%%%%%%

%%%%%%%%%%%%% Paxos %%%%%%%%%%%%%
@MISC{Lamport98thepart-time,
	author = {Leslie Lamport},
	title = {The part-time parliament},
	year = {1998}
}

@MISC{Lamport2001paxos-made-simple,
	author = {Leslie Lamport},
	title = {Paxos Made Simple},
	year = {1998}
}

@TECHREPORT{Renesse15paxosmade,
	author = {Robbert Van Renesse and Deniz Altinbuken},
	title = { Paxos made moderately complex},
	institution = {},
	year = {2015}
}

@INPROCEEDINGS{Chandra07paxosmade,
	author = {Tushar Chandra and Robert Griesemer and Joshua Redstone},
	title = {Paxos made live: an engineering perspective},
	booktitle = {In Proc. of PODC},
	year = {2007},
	pages = {398--407},
	publisher = {ACM Press}
}

%%%%%%%%%%%%%%%%%%%%%%%%%%%%%%%

%%%%%%%%%%%%% Raft %%%%%%%%%%%%%
@MISC{Ongaro14insearch,
	author = {Diego Ongaro and John Ousterhout},
	title = {In search of an understandable consensus algorithm },
	year = {2014}
}
%%%%%%%%%%%%%%%%%%%%%%%%%%%%%%%

%%%%%%%%%%%%% concurrent programming %%%%%%%%%%%%%
@ARTICLE{Andrews83conceptsand,
	author = {Gregory R. Andrews and Fred B. Schneider},
	title = {Concepts and notations for concurrent programming},
	journal = {ACM Computing Surveys},
	year = {1983},
	volume = {15},
	pages = {3--43}
}

@MISC{Long10javaconcurrency,
	author = {Fred Long and Dhruv Mohindra and Robert Seacord and David Svoboda and Fred Long and Dhruv Mohindra and Robert Seacord and David Svoboda},
	title = {Java Concurrency Guidelines},
	year = {2010}
}

@MISC{Hewitt_artificialintelligence,
	author = {Carl Hewitt and Peter Bishop and Richard Steiger},
	title = {Artificial Intelligence A Universal Modular ACTOR Formalism for Artificial Intelligence},
	year = {}
}

@MISC{Graham_communicatingsequential,
	author = {S. L. Graham and R. L. Rivest and C. A. R. Hoare},
	title = {Communicating Sequential Processes},
	year = {}
}

@MISC{Armstrong93concurrentprogramming,
	author = {Joe Armstrong and Robert Virding and Claes Wikström and Mike Williams},
	title = {Concurrent Programming in ERLANG},
	year = {1993}
}

@MISC{Westrup14usingthe,
	author = {Erik Westrup and Fredrik Pettersson and Mathias Bruce and Robert Rosengren},
	title = {Using the Go Programming Language in Practice},
	year = {2014}
}

@misc{hewitt2015actor,
	title={Actor Model of Computation: Scalable Robust Information Systems}, 
	author={Carl Hewitt},
	year={2015},
	eprint={1008.1459},
	archivePrefix={arXiv},
	primaryClass={cs.PL}
}
%%%%%%%%%%%%%%%%%%%%%%%%%%%%%%%

%%%%%%%%%% scala, akka %%%%%%%%%%%%

@MISC{Odersky04anoverview,
	author = {Martin Odersky and Stéphane Micheloud and Nikolay Mihaylov and Michel Schinz and Erik Stenman and Matthias Zenger and et al.},
	title = {An Overview of the Scala Programming Language},
	year = {2004}
}

@ARTICLE{scalaactors,
	author = {Martin Odersky and Martin Odersky},
	title = {Scala actors: Unifying thread-based and event-based programming},
	journal = {Theor. Comput. Sci},
	year = {2009}
}

@online{akka,
	author={Lightbend},
	title={Handling parallel processing in a high performance network},
	subtitle={From Computers to Computer Systems},
	url={https://doc.akka.io/docs/akka/2.6/typed/guide/actors-motivation.html}
}

%%%%%%%%%%%%%%%%%%%%%%%%%%%%%%%

%%%%%%%%%% embedded %%%%%%%%%%%%

@MISC{Brooks05heterogeneousconcurrent,
	author = {Christopher Brooks and Edward A. Lee and Xiaojun Liu and Yang Zhao and Haiyang Zheng and et al.},
	title = {Heterogeneous Concurrent Modeling and Design in Java (Volumes 1: Introduction to Ptolemy II) },
	year = {2005}
}

@TECHREPORT{Xiong02anextensible,
	author = {Yuhong Xiong and Edward A. Lee},
	title = {An Extensible Type System for Component-Based Design},
	institution = {},
	year = {2002}
}

%%%%%%%%%%%%%%%%%%%%%%%%%%%%%%%

%%%%%%%%%% intro - future technologies %%%%%%%%%%%%

@online{MITrobots,
	author={Rachel Gordon},
	title={Letting robots manipulate cables},
	subtitle={Robotic gripper with soft sensitive fingers developed at MIT can handle cables with unprecedented dexterity},
	url={https://news.mit.edu/2020/letting-robots-manipulate-cables-0713}
}

@online{MITrobots2,
	author={Jennifer Chu},
	title={What to Expect When You’re Expecting Robots},
	subtitle={Book co-authored by Associate Professor Julie Shah and Laura Major SM ’05 explores a future populated with robot helpers},
	url={https://news.mit.edu/2020/expect-when-expecting-robots-1022}
}

@online{MITiot,
	author={Daniel Ackerman},
	title={System brings deep learning to “internet of things” devices},
	subtitle={Advance could enable artificial intelligence on household appliances while enhancing data security and energy efficiency},
	url={https://news.mit.edu/2020/iot-deep-learning-1113}
}

@online{MITai,
	author={Sabbi Lall},
	title={Looking into the black box},
	subtitle={Recent advances give theoretical insight into why deep learning networks are successful},
	url={https://news.mit.edu/2020/looking-black-box-deep-learning-neural-networks-0727}
}

@online{MITbigData,
	author={Larry Hardesty},
	title={Making big data manageable},
	subtitle={Technique shrinks data sets while preserving their fundamental mathematical relationships},
	url={https://news.mit.edu/2016/making-big-data-manageable-1214}
}

@online{MITbigData2,
	author={Abby Abazorius},
	title={How data can help change the world},
	subtitle={At IDSS celebration, speakers explore how data can be brought to bear on global challenges},
	url={https://news.mit.edu/2016/IDSS-celebration-big-data-change-world-0926}
}

%%%%%%%%%%%%%%%%%%%%%%%%%%%%%%%

%%%%%%%%%% other cites for Einleitung %%%%%%%%%%%%

@online{DroneOperator,
	author={EU Aviation Safety Agency},
	title={Drone regulations},
	subtitle={Who is a drone operator},
	url={https://www.easa.europa.eu/faq/116447}
}

@online{EPFLdrones,
	author={EPFL Research},
	title={Aerial Robotics},
	url={https://www.epfl.ch/labs/lis/research/aerial-robotics/}
}

@INPROCEEDINGS{Hunt_zookeeper:wait-free,
	author = {Patrick Hunt and Mahadev Konar and Flavio P. Junqueira and Benjamin Reed},
	title = {ZooKeeper: Wait-free Coordination for Internet-scale Systems},
	booktitle = {In USENIX Annual Technical Conference},
	year = {}
}

%%%%%%%%%%%%%%%%%%%%%%%%%%%%%%%

%%%%%%%%%% other cites for Analyse %%%%%%%%%%%%

@MISC{chubby,
	author = {Mike Burrows},
	title = {The Chubby lock service for loosely-coupled distributed systems},
	year = {2006}
}

@MISC{EPFLswarm,
	author = {Marco Dorigo et al.},
	title = {Evolving Self-Organizing Behaviors for a Swarm-bot},
	year = {2004}
}

%%%%%%%%%%%%%%%%%%%%%%%%%%%%%%%










% other items

@thesis{Artner2007,
	author={Artner, Nicole Maria},
	title={Analyse und Reimplementierung des Mean-Shift Tracking-Verfahrens},
	type={Diplomarbeit},
	year={2007},
	month={7},
	institution={University of Applied Sciences Upper Austria, Digitale Medien},
	location={Hagenberg, Austria},
	url={http://theses.fh-hagenberg.at/thesis/Artner07},
	hyphenation={german}
}

@thesis{Bacher2004,
	author={Bacher, Florian},
	title={Interaktionsmöglichkeiten mit Bildschirmen und großflächigen Projektionen},
	type={Bachelorarbeit},
	year={2004},
	month={6},
	institution={University of Applied Sciences Upper Austria, Medientechnik und {-design}},
	location={Hagenberg, Austria},
	hyphenation={german}
}

@manual{Bezos2018,
	author={Bezos, Javier and Braams, Johannes L.},
	title={Babel -- Multilingual support for Plain \TeX\ or \LaTeX},
	year={2018},
	month={11},
	version={3.27},
	url={http://mirrors.ctan.org/macros/latex/required/babel/base/babel.pdf},
	hyphenation={english}
}

@incollection{BurgeBurger1999,
	author={Burge, Mark and Burger, Wilhelm},
	title={Ear Biometrics},
	booktitle={Biometrics: Personal Identification in Networked Society},
	publisher={Kluwer Academic Publishers},
	year={1999},
	location={Boston},
	editor={Jain, Anil K. and Bolle, Ruud and Pankanti, Sharath},
	chapter={13},
	pages={273-285},
	hyphenation={english}
}

@inproceedings{Burger1987,
	author={Burger, Wilhelm and Bhanu, Bir},
	title={Qualitative Motion Understanding},
	booktitle={Proceedings of the Intl.\ Joint Conference on Artificial Intelligence},
	year={1987},
	month={5},
	editor={McDermott, John P.},
	venue={Milano},
	publisher={Morgan Kaufmann Publishers},
	location={San Francisco},
	pages={819-821},
	hyphenation={english}
}

@book{BurgerBurge2015,
	author={Burger, Wilhelm and Burge, Mark James},
	title={Digitale Bildverarbeitung},
	subtitle={Eine algorithmische Einführung mit Java},
	publisher={Springer},
	location={Heidelberg},
	edition={3},
	year={2015},
	hyphenation={german}
}

@book{BurgerBurge2016,
	author={Burger, Wilhelm and Burge, Mark James},
	title={Digital Image Processing},
	subtitle={An Algorithmic Introduction Using Java},
	publisher={Springer},
	location={London},
	edition={2},
	year={2016},
	hyphenation={english}
}

@manual{Carlisle2017,
	author={Carlisle, David P.},
	title={Packages in the {`graphics'} bundle},
	year={2017},
	month={6},
	url={http://mirrors.ctan.org/macros/latex/required/graphics/grfguide.pdf},
	hyphenation={english},
}

@image{CocaCola1940,
	author={Wolcott, Marion Post},
	title={Natchez, Miss.},
	note={Library of Congress Prints and Photographs Division Washington, Farm Security Administration/Office of War Information Color Photographs},
	year={1940},
	month={8},
	url={https://www.loc.gov/pictures/item/2017877479/}
}

@manual{Cochran2005,
	author={Cochran, Steven Douglas},
	title={The {Subfig} Package},
	year={2005},
	month={7},
	url={http://mirrors.ctan.org/macros/latex/contrib/subfig/subfig.pdf},
	hyphenation={english}
}

@manual{Daniel2018,
	author={Daniel, Marco and Gundlach, Patrick and Schmidt, Walter and Knappen, Jörg and Partl, Hubert and Hyna, Irene},
	title={\LaTeX2e-Kurzbeschreibung},
	year={2018},
	month={4},
	version={3.0c},
	url={http://mirrors.ctan.org/info/lshort/german/l2kurz.pdf},
	hyphenation={german}
}

@techreport{Drake1948,
	author={Drake, Hubert M. and McLaughlin, Milton D. and Goodman, Harold R.},
	title={Results obtained during accelerated transonic tests of the {Bell}
		{XS-1} airplane in flights to a {MACH} number of 0.92},
	institution={NASA Dryden Flight Research Center},
	year={1948},
	month={1},
	location={Edwards, CA},
	number={NACA-RM-L8A05A},
	url={https://www.nasa.gov/centers/dryden/pdf/87528main_RM-L8A05A.pdf},
	hyphenation={english}
}

@book{Duden1997,
	author={Friedrich, Christoph},
	title={Schriftliche Arbeiten im technisch-natur\-wissen\-schaft\-lichen Studium}, 
	subtitle={Ein Leitfaden zur effektiven Erstellung und zum Einsatz moderner Arbeitsmethoden},
	publisher={Bibliographisches Institut},
	series={Duden Taschenbücher},
	volume={27},
	location={Mannheim},
	year={1997},
	hyphenation={german}
}

@thesis{Eberl1987,
	author={Eberl, Gerhard},
	title={Automatischer Landeanflug durch Rechnersehen},
	type={phdthesis},
	year={1987},
	month={8},
	institution={Universität der Bundeswehr, Fakultät für Raum- und Luftfahrttechnik},
	location={München},
	hyphenation={german}
}

@misc{EuRichtlinie2000,
	author={{Europäische Union}},
	title={Richtline 2000/14/EG des Europäischen Parlaments und des Rates vom 8.\ Mai 2000 zur 
		Angleichung der Rechtsvorschriften der Mitgliedstaaten über umweltbelastende Geräuschemissionen 
		von zur Verwendung im Freien vorgesehenen Geräten und Maschinen},
	howpublished={Amtsblatt der Europäischen Gemeinschaften, L 162},
	url={https://eur-lex.europa.eu/LexUriServ/LexUriServ.do?uri=CONSLEG:2000L0014:20051227:de:PDF},
	hyphenation={german}
}

@book{Faires1934,
	author={Faires, V. M.},
	title={Design of Machine Elements},
	publisher={The Macmillan Company},
	year={1934},
	note={Originalausgabe 1920},
	hyphenation={english}
}

@online{Feder2006,
	author={Feder, Alexander},
	title={{BibTeX.org}},
	year={2006},
	url={http://www.bibtex.org/},
}

@misc{FhStG1993,
	title={Bundesgesetz über Fachhochschul-Studiengänge},
	howpublished={BGBl.\ Nr.\ 340/1993, zuletzt geändert mit Bundesgesetz BGBl.\ I Nr.\ 45/2014},
	url={https://www.ris.bka.gv.at/GeltendeFassung.wxe?Abfrage=Bundesnormen&Gesetzesnummer=10009895},
	hyphenation={german}
}

@video{Futurama1999,
	author={Groening, Matt},
	title={Futurama},
	titleaddon={Season 1 Collection},
	howpublished={DVD},
	year={2002},
	month={2},
	note={Twentieth Century Fox Home Entertainment},
	hyphenation={english}
}

@article{Guttman2001,
	author={Guttman, Erik},
	title={Autoconfiguration for {IP} Networking},
	journal={IEEE Internet Computing},
	volume={5},
	issue={5/6},
	year={2001},
	pages={81-86},
	hyphenation={english}
}

@book{Hemleben1969,
	author={Hemleben, Johannes},
	title={Galilei, Galileo},
	publisher={rororo},
	year={1969},
	edition={20},
	hyphenation={german}
}

@book{Higham1998,
	author={Higham, Nicholas J.},
	title={Handbook of Writing for the Mathematical Sciences},
	publisher={Society for Industrial and Applied Mathematics (SIAM)},
	location={Philadelphia},
	edition={2},
	year={1998},
	url={https://www.maths.manchester.ac.uk/~higham/hwms/},
	hyphenation={english}
}

@video{HistoryOfComputers2008,
	title={History of Computers},
	year={2008},
	month={9},
	url={https://www.youtube.com/watch?v=LvKxJ3bQRKE},
	hyphenation={english}
}

@misc{Hough1962,
	author={Hough, Paul V. C.},
	title={Method and means for recognizing complex patterns},
	howpublished={US Patent 3,069,654},
	year={1962},
	month={12},
	url={https://patents.google.com/patent/US3069654}
}

@online{IBM360,
	author={IBM},
	title={System 360},
	subtitle={From Computers to Computer Systems},
	url={https://www.ibm.com/ibm/history/ibm100/us/en/icons/system360/impacts/}
}

@book{Kopka2003,
	author={Kopka, Helmut and Daly, Patrick William},
	title={A Guide to \LaTeX},
	series={Tools and Techniques for Computer Typesetting},
	publisher={Addison-Wesley},
	location={Reading, MA},
	year={2003},
	edition={4},
	hyphenation={english}
}

@book{Lamport1994,
	author={Lamport, Leslie},
	title={{LaTeX}, A Document Preparation System},
	subtitle={User's Guide and Reference Manual},
	publisher={Addison-Wesley},
	location={Reading, MA},
	year={1994},
	edition={2},
	hyphenation={english}
}

@book{Lamport1995,
	author={Lamport, Leslie},
	title={Das {LaTeX}-Handbuch},
	publisher={Addison-Wesley},
	location={Reading, MA},
	year={1995},
	edition={3},
	hyphenation={german}
}

@software{LegendOfZelda1998,
	author={Miyamoto, Shigeru and Aonuma, Eiji and Koizumi, Yoshiaki},
	title={The Legend of Zelda: Ocarina of Time},
	howpublished={N64-Spielmodul},
	publisher={Nintendo},
	year={1998},
	hyphenation={english}
}

@manual{Lehman2018,
	author={Lehman, Philipp and Kime, Philip and Wemheuer, Moritz and Boruvka, Audrey and Wright, Joseph},
	title={The \texttt{biblatex} Package},
	subtitle={Programmable Bibliographies and Citations},
	year={2018},
	month={10},
	version={3.12},
	url={http://mirrors.ctan.org/macros/latex/contrib/biblatex/doc/biblatex.pdf},
	hyphenation={english}
}

@article{Mermin1989,
	author={Mermin, Nathaniel David},
	title={What's wrong with these equations?},
	journal={Physics Today},
	volume={42},
	number={10},
	year={1989},
	pages={9-11},
	hyphenation={english}
}

@manual{Mittelbach2018,
	author={Mittelbach, Frank and Schöpf, Rainer and Downes, Michael and Jones, David M. and Carlisle, David},
	title={The \texttt{amsmath} package},
	year={2018},
	month={12},
	version={2.17b},
	url={http://mirrors.ctan.org/macros/latex/required/amsmath/amsmath.pdf},
	hyphenation={english}
}

@movie{Nosferatu1922,
	title={Nosferatu -- A Symphony of Horrors},
	howpublished={Film},
	year={1922},
	note={Drehbuch/Regie: F.\ W.\ Murnau. Mit Max Schreck, Gustav von Wangenheim, Greta Schröder.},
	hyphenation={english}
}

@manual{Oetiker2018,
	author={Oetiker, Tobias and Partl, Hubert and Hyna, Irene and Schlegl, Elisabeth},
	title={The Not So Short Introduction to \LaTeXe},
	subtitle={Or \LaTeXe in 139 minutes},
	year={2018},
	month={2},
	version={6.2},
	url={http://mirrors.ctan.org/info/lshort/english/lshort.pdf},
	hypenation={english}
}

@misc{OoeRaumordnungsgesetz1994,
	title={Oberösterreichisches Raumordnungsgesetz 1994},
	howpublished={LGBl 1994/114 idF 1995/93},
	url={https://www.ris.bka.gv.at/Dokumente/Landesnormen/LOO40007538/LOO40007538.pdf},
	hyphenation={german}
}

@manual{Oostrum2019,
	author={Oostrum, {Piet van}},
	title={The \texttt{fancyhdr} and \texttt{extramarks} packages},
	year={2019},
	month={1},
	version={3.10},
	url={http://mirrors.ctan.org/macros/latex/contrib/fancyhdr/fancyhdr.pdf},
	hyphenation={english}
}

@manual{Pakin2017,
	author={Pakin, Scott},
	title={The Comprehensive {LaTeX} Symbol List},
	year={2017},
	month={1},
	url={http://mirrors.ctan.org/info/symbols/comprehensive/symbols-a4.pdf},
	hyphenation={english}
}

@manual{Patashnik1988,
	author={Patashnik, Oren},
	title={{BiBTeXing}},
	year={1988},
	month={2},
	url={http://mirrors.ctan.org/biblio/bibtex/base/btxdoc.pdf},
	hyphenation={english}
}

@patent{Pike2008,
	author={Pike, Dion},
	title={Master-slave communications system and method for a network element},
	type={US Patent},
	holder={Alcatel-Lucent SAS},
	number={7,460,482},
	year={2008},
	month={12},
	url={https://patents.google.com/patent/US7460482}
}

@movie{Psycho1960,
	title={Psycho},
	howpublished={Film},
	year={1960},
	note={Regie: Alfred Hitchcock, 
		Drehbuch: Joseph Stefano.
		Nach dem Roman von Robert Bloch. 
		Mit Anthony Perkins, Vera Miles, Janet Leigh.},
	hyphenation={english}
}

@manual{Raichle1998,
	author={Raichle, Bernd},
	title={Kurzbeschreibung {german.sty} und {ngerman.sty}},
	year={1998},
	month={7},
	version={2.5e},
	url={http://mirrors.ctan.org/language/german/gerdoc.pdf},
	hyphenation={german}
}

@book{Sedgewick2011,
	author={Sedgewick, Robert and Wayne, Kevin},
	title={Algorithms},
	publisher={Addison-Wesley},
	location={Reading, MA},
	year={2011},
	edition={4},
	hyphenation={english}
}

@manual{Sommerfeldt2011,
	author={Sommerfeldt, Axel},
	title={Anpassen der Abbildungs- und Tabellenbeschriftungen},
	year={2011},
	month={11},
	url={http://mirrors.ctan.org/macros/latex/contrib/caption/caption-deu.pdf},
	hyphenation={german}
}

@software{SpringFramework,
	title={Spring Framework},
	url={https://github.com/spring-projects/spring-framework},
	hyphenation={english}
}

@manual{Voss2014,
	author={Voß, Herbert},
	title={Math mode},
	year={2014},
	month={1},
	version={2.47},
	url={http://mirrors.ctan.org/obsolete/info/math/voss/mathmode/Mathmode.pdf},
	hyphenation={english}
}

@standard{W3C2018HTML53,
	author={{World Wide Web Consortium}},
	title={HTML 5.3},
	titleaddon={W3C Working Draft},
	date={2018-10-18},
	url={https://www.w3.org/TR/html53/},
	hyphenation={english}
}

%%% Beispiel für Online-Quelle -----------------------------------------

@online{WikiReliquienschrein2018,
	url={https://de.wikipedia.org/wiki/Reliquienschrein},
	title={Reliquienschrein},
	year={2018},
	month={9},
	urldate={2019-02-28}
}

%%% Beispiel für Audio-Aufnahme -----------------------------------------

@audio{Zappa1995,
	author={Zappa, Frank},
	title={Freak Out},
	howpublished={Audio-CD},
	year={1995},
	month={5},
	note={Rykodisc, New York},
	hyphenation={english}
}

%%% Beispiele UNPUBLISHED -----------------------------------------

@unpublished{DaiLHS16,
	author={Dai, Jifeng and Li,Yi and He, Kaiming and Sun, Jian},
	title={{R-FCN:} Object Detection via Region-based Fully Convolutional Networks},
	year={2016},
	url={http://arxiv.org/abs/1605.06409},
	pubstate = {prepublished}
}

%%% Beispiele für Musiknoten -----------------------------------------

@book{BachBWV988,
	author={Bach, Johann Sebastian},
	title={Goldberg-Variationen für Streichquartett, BWV 988},
	editor={Anka, Dana},
	publisher={Musikverlag Hans Sikorski},
	location={Hamburg},
	year={2017}
}

@book{HaydnCelloConcerto2,
	author={Haydn, Josef},
	title={Konzert für Violoncello No.\ 2 in D-Dur, Hob.VIIb:2},
	editor={Soldan,Kurt},
	publisher={C. F. Peters},
	location={Leipzig},
	year={1920}
}

@book{ShostakovichOp110,
	author={Shostakovich, Dimitri},
	title={Streichquartett Nr.\ 8 in c-Moll, Op.\ 110},
	editor={Hans Sikorski},
	publisher={G. Schirmer},
	location={New York},
	year={1960}
}

@incollection{GershwinSummertime,
	author={Gershwin, George and Heyward, DuBose},
	title={Summertime},
	booktitle={The Greatest Songs of George Gershwin},
	publisher={Chappel Music},
	location={London},
	pages={40-43},
	year={1979},
	hyphenation={english}
}

@article{Vardavoulia2001,
	author={Vardavoulia, Maria I. and Andreadis, Ioannis and Tsalides, Phillipos},
	title={A new vector median filter for colour image processing},
	journal={Pattern Recognition Letters},
	volume={22},
	number={6-7},
	pages={675-689},
	year={2001}
}
